<record><leader>00000cas a2200000 a 4500</leader><controlfield tag="001">38464486</controlfield><controlfield tag="008">980218d19251927nyuwr ne      0    0eng c</controlfield><datafield ind1=" " ind2=" " tag="010"><subfield code="a">sn 98067530 </subfield></datafield><datafield ind1=" " ind2=" " tag="040"><subfield code="a">NYS</subfield><subfield code="b">eng</subfield><subfield code="c">NYS</subfield><subfield code="d">OCLCQ</subfield><subfield code="d">OCLCF</subfield><subfield code="d">OCLCO</subfield></datafield><datafield ind1="1" ind2=" " tag="029"><subfield code="a">AU@</subfield><subfield code="b">000013798238</subfield></datafield><datafield ind1=" " ind2=" " tag="042"><subfield code="a">pcc</subfield></datafield><datafield ind1=" " ind2=" " tag="043"><subfield code="a">n-us-ny</subfield></datafield><datafield ind1="0" ind2="0" tag="245"><subfield code="a">Kings Park messenger.</subfield></datafield><datafield ind1=" " ind2=" " tag="260"><subfield code="a">Kings Park, N.Y. :</subfield><subfield code="b">Rambler Pub. Corp.,</subfield><subfield code="c">1925-1927.</subfield></datafield><datafield ind1=" " ind2=" " tag="300"><subfield code="a">1 v.</subfield></datafield><datafield ind1=" " ind2=" " tag="310"><subfield code="a">Weekly</subfield></datafield><datafield ind1="0" ind2=" " tag="362"><subfield code="a">Vol. 1, no. 1 (Jan. 17, 1925)-v. 2, no. 18 (May 21, 1927).</subfield></datafield><datafield ind1=" " ind2=" " tag="500"><subfield code="a">Editor: Lawrence F. Deutzman.</subfield></datafield><datafield ind1=" " ind2="0" tag="651"><subfield code="a">Kings Park (N.Y.)</subfield><subfield code="v">Newspapers.</subfield></datafield><datafield ind1=" " ind2="0" tag="651"><subfield code="a">Suffolk County (N.Y.)</subfield><subfield code="v">Newspapers.</subfield></datafield><datafield ind1=" " ind2="7" tag="655"><subfield code="a">Newspapers.</subfield><subfield code="2">fast</subfield><subfield code="0">(OCoLC)fst01423814</subfield></datafield><datafield ind1=" " ind2="7" tag="651"><subfield code="a">New York (State)</subfield><subfield code="z">Kings Park.</subfield><subfield code="2">fast</subfield><subfield code="0">(OCoLC)fst01221673</subfield></datafield><datafield ind1=" " ind2="7" tag="651"><subfield code="a">New York (State)</subfield><subfield code="z">Suffolk County.</subfield><subfield code="2">fast</subfield><subfield code="0">(OCoLC)fst01207260</subfield></datafield><datafield ind1=" " ind2=" " tag="752"><subfield code="a">United States</subfield><subfield code="b">New York</subfield><subfield code="c">Suffolk</subfield><subfield code="d">Kings Park.</subfield></datafield><datafield ind1="0" ind2="7" tag="785"><subfield code="t">Huntington messenger and county Democrat</subfield><subfield code="w">(DLC)sn 98067531</subfield><subfield code="w">(OCoLC)38464603</subfield></datafield><datafield ind1="0" ind2="7" tag="785"><subfield code="t">Kings Park &amp; Huntington messenger and county Democrat</subfield><subfield code="w">(DLC)sn 98067532</subfield><subfield code="w">(OCoLC)38464733</subfield></datafield></record>